
@Misc{Oetiker,
	author = {Tobias OETIKER a Hubert PARTL a Irene HYNA a Elisabeth SCHLEGL a Michal KOČER a Pavel SÝKORA},
	title = {Ne příliš stručný úvod do systému {\LaTeX}$2_\varepsilon$},
	howpublished = {[online]},
	chapter = {1},
	year = 1998,
	url = {http://fyzika.ufyz.feec.vutbr.cz/~petrsad/LaTeX/lshort_czech.pdf},
}
@Misc{Simecek,
	author = {Martin ŠIMEČEK},
	title = {LaTeX 1.\,--\,Co to je a proč se ho chtít učit?},
	howpublished = {[online]},
	year = {rev. 21. srpen 2013},
	url = {https://1url.cz/vK1Dm},
}

@Misc{Benes,
	author = {Miroslav BENEŠ},
	title = {Úvod do systému LaTeX},
	howpublished = {[online]},
	year = 1998,
	url = {http://www.cs.vsb.cz/benes/vyuka/latex/index.htm},
}
@Misc{Satrapa,
	author = {SATRAPA P.},
	title = {{\LaTeX} pro pragmatiky},
	howpublished = {[online]},
	year = 2011,
	url = {http://www.nti.tul.cz/~satrapa/docs/latex/},
}

@Book{Kopka,
author = {Helmut KOPKA a Patrick W. DALY},
title = {A Guide to {\LaTeX} and Electronic Publishing},
publisher = {Addison Wesley Longman Limited},
year = {2004},
address = {Boston, Massachusetts, USA},
edition = {4},
ISBN = {978-0321173850},
}

@MastersThesis{Wyrwolova,
author = {Barbora WYRWOLOVÁ},
title = {Sazba matematických formulí {\LaTeX}em},
school = {Univerzita Palackého v Olomouci, Přírodovědecká fakulta},
year = {2014},
key = {Wyrwolova},
type = {Bakalářská práce},
address = {Olomouc},
month = {March},
}

@MastersThesis{Pysny,
author = {Radek PYŠNÝ},
title = {BIB{\TeX} STYL PRO ČSN ISO 690 A ČSN ISO 690-2},
school = {VUT Brno, Fakulta informačních technologií},
year = {2009},
key = {PYSNY},
type = {Bakalářská práce},
address = {Brno},
month = {May},

}

@Book{Rybicka,
	author = {Jiří RYBIČKA},
	title = {LaTeX pro začátečníky},
	publisher = {Konvoj},
	address = {Brno},
	year = {2003},
	edition = {3},
	ISBN = {80-7302-049-1},
}
@Article{Davidek,
author = {Kryštof DAVIDEK},
title = {LaTeX ‒ Co, proč a jak},
journal = {EdTech KISK},
year = {2019},
key = {DAVIDEK},
month = {January},
note = {vyd. 29.1. 2019},
}
@Article{Polasek,
author = {Vladimír POLÁŠEK a Lubomír SEDLÁČEK},
title = {GRAPHICS TOOLS IN LATEX},
journal = {Journal of Technology and Information Education},
year = {2012},
key = {POLASEK},
volume = {4},
number = {2},
pages = {84},
month = {February},
issn = {1803-537},
}
@Article{Svamberg,
author = {Michal Švamberg},
title = {Jak na LaTeX: balíčky graphicx a comment},
journal = {Root.cz},
year = {2003},
key = {SVAMBERG},
month = {May},
}

